<?xml version="1.0" encoding="UTF-8"?><collection xmlns="http://www.loc.gov/MARC21/slim"><record><leader>00570nam--2200193-i-4500</leader><controlfield tag="001">000034074</controlfield><controlfield tag="002">20161230</controlfield><controlfield tag="005">20161230201039</controlfield><controlfield tag="008">060222s1000------------r-----000-0-eng-d</controlfield><datafield ind1=" " ind2=" " tag="020"><subfield code="a">0306344726</subfield></datafield><datafield ind1=" " ind2=" " tag="040"><subfield code="a">IFIN-HH</subfield></datafield><datafield ind1=" " ind2=" " tag="080"><subfield code="a">535.421</subfield></datafield><datafield ind1="1" ind2=" " tag="100"><subfield code="a">Barrekette, Euval S</subfield></datafield><datafield ind1="1" ind2="0" tag="245"><subfield code="a">Optical information processing</subfield><subfield code="b">Volume 2</subfield><subfield code="c">EUVAL S. BARREKETTE; GEORGE W. STROKE; YU.E. NESTERIKHIN; WINSTON E. KOCK (Eds.)</subfield></datafield><datafield ind1=" " ind2=" " tag="260"><subfield code="a">LONDON</subfield><subfield code="b">Plenum Press</subfield><subfield code="c">1976</subfield></datafield><datafield ind1=" " ind2=" " tag="300"><subfield code="a">XIV + 401P</subfield></datafield><datafield ind1="1" ind2=" " tag="700"><subfield code="a">Kock, Winston E</subfield><subfield code="e">Ed</subfield></datafield><datafield ind1=" " ind2=" " tag="852"><subfield code="a">46540</subfield><subfield code="c">535</subfield></datafield><datafield ind1=" " ind2=" " tag="CAT"><subfield code="a">Sys</subfield><subfield code="c">20101123</subfield><subfield code="h">113431</subfield></datafield></record></collection>